% This file was created with JabRef 2.10b2.
% Encoding: MS932


@Article{Anikeenko2007,
  Title                    = {{Polytetrahedral nature of the dense disordered packings of hard spheres}},
  Author                   = {Anikeenko, A. V. and Medvedev, N. N.},
  Journal                  = {Phys. Rev. Lett.},
  Year                     = {2007},
  Month                    = jun,
  Number                   = {23},
  Pages                    = {235504},
  Volume                   = {98},

  Doi                      = {10.1103/PhysRevLett.98.235504},
  ISSN                     = {0031-9007},
  Url                      = {http://link.aps.org/doi/10.1103/PhysRevLett.98.235504}
}

@Article{Auer2001,
  Title                    = {{Prediction of absolute crystal-nucleation rate in hard-sphere colloids.}},
  Author                   = {Auer, S and Frenkel, Daan},
  Journal                  = {Nature},
  Year                     = {2001},
  Month                    = feb,
  Number                   = {6823},
  Pages                    = {1020-1023},
  Volume                   = {409},

  Abstract                 = {Crystal nucleation is a much-studied phenomenon, yet the rate at which it occurs remains difficult to predict. Small crystal nuclei form spontaneously in supersaturated solutions, but unless their size exceeds a critical value--the so-called critical nucleus--they will re-dissolve rather than grow. It is this rate-limiting step that has proved difficult to probe experimentally. The crystal nucleation rate depends on Pcrit, the (very small) probability that a critical nucleus forms spontaneously, and on a kinetic factor (kappa) that measures the rate at which critical nuclei subsequently grow. Given the absence of a priori knowledge of either quantity, classical nucleation theory is commonly used to analyse crystal nucleation experiments, with the unconstrained parameters adjusted to fit the observations. This approach yields no 'first principles' prediction of absolute nucleation rates. Here we approach the problem from a different angle, simulating the nucleation process in a suspension of hard colloidal spheres, to obtain quantitative numerical predictions of the crystal nucleation rate. We find large discrepancies between the computed nucleation rates and those deduced from experiments: the best experimental estimates of Pcrit seem to be too large by several orders of magnitude.},
  Doi                      = {10.1038/35059035},
  ISSN                     = {0028-0836},
  Pmid                     = {11234006},
  Url                      = {http://www.ncbi.nlm.nih.gov/pubmed/11234006}
}

@Article{Bartlett2012,
  Title                    = {{Sudden collapse of a colloidal gel}},
  Author                   = {Bartlett, Paul and Teece, Lisa J. and Faers, Malcolm a.},
  Journal                  = {Phys. Rev. E},
  Year                     = {2012},
  Month                    = feb,
  Number                   = {2},
  Pages                    = {1--13},
  Volume                   = {85},

  Doi                      = {10.1103/PhysRevE.85.021404},
  ISSN                     = {1539-3755},
  Url                      = {http://link.aps.org/doi/10.1103/PhysRevE.85.021404}
}

@Article{Bernal1960,
  Title                    = {{Packing of spheres: Co-ordination of randomly packed spheres}},
  Author                   = {Bernal, J. D. and Mason, J.},
  Journal                  = {Nature},
  Year                     = {1960},
  Month                    = dec,
  Number                   = {4754},
  Pages                    = {910--911},
  Volume                   = {188},

  Doi                      = {10.1038/188910a0},
  ISBN                     = {doi:10.1038/188910a0},
  ISSN                     = {0028-0836},
  Keywords                 = {hard sphere},
  Language                 = {en},
  Publisher                = {Nature Publishing Group},
  Url                      = {http://www.nature.com/doifinder/10.1038/188910a0}
}

@Article{berthierR,
  Title                    = {Theoretical perspective on the glass transition and amorphous materials},
  Author                   = {Berthier, L. and Biroli, G.},
  Journal                  = {Rev. Mod. Phys.},
  Year                     = {2011},
  Number                   = {2},
  Pages                    = {587-645},
  Volume                   = {83},

  Doi                      = {10.1103/RevModPhys.83.587},
  Owner                    = {Hajime},
  Publisher                = {APS},
  Timestamp                = {2011.08.16}
}

@Article{Berthier2005,
  Title                    = {{Direct experimental evidence of a growing length scale accompanying the glass transition.}},
  Author                   = {Berthier, Ludovic and Biroli, Giulio and Bouchaud, J. -P. and Cipelletti, L and {El Masri}, D and L'H\^{o}te, D and Ladieu, F and Pierno, M},
  Journal                  = {Science},
  Year                     = {2005},
  Month                    = dec,
  Number                   = {5755},
  Pages                    = {1797--800},
  Volume                   = {310},

  Abstract                 = {Understanding glass formation is a challenge, because the existence of a true glass state, distinct from liquid and solid, remains elusive: Glasses are liquids that have become too viscous to flow. An old idea, as yet unproven experimentally, is that the dynamics becomes sluggish as the glass transition approaches, because increasingly larger regions of the material have to move simultaneously to allow flow. We introduce new multipoint dynamical susceptibilities to estimate quantitatively the size of these regions and provide direct experimental evidence that the glass formation of molecular liquids and colloidal suspensions is accompanied by growing dynamic correlation length scales.},
  Doi                      = {10.1126/science.1120714},
  ISSN                     = {1095-9203},
  Pmid                     = {16357256},
  Url                      = {http://www.ncbi.nlm.nih.gov/pubmed/16357256}
}

@Article{Berthier2007,
  Title                    = {{Structure and dynamics of glass formers: Predictability at large length scales}},
  Author                   = {Berthier, Ludovic and Jack, Robert L},
  Journal                  = {Phys. Rev. E},
  Year                     = {2007},
  Month                    = oct,
  Number                   = {4},
  Pages                    = {041509},
  Volume                   = {76},

  Doi                      = {10.1103/PhysRevE.76.041509},
  ISSN                     = {1539-3755},
  Keywords                 = {dynamic heterogeneities,glass transition},
  Publisher                = {American Physical Society},
  Url                      = {http://link.aps.org/doi/10.1103/PhysRevE.76.041509}
}

@Article{Biroli2008,
  Title                    = {{Thermodynamic signature of growing amorphous order in glass-forming liquids}},
  Author                   = {Biroli, Giulio and Bouchaud, J. -P. and Cavagna, a. and Grigera, T. S. and Verrocchio, P.},
  Journal                  = {Nature Phys.},
  Year                     = {2008},
  Month                    = aug,
  Number                   = {10},
  Pages                    = {771--775},
  Volume                   = {4},

  Doi                      = {10.1038/nphys1050},
  ISSN                     = {1745-2473},
  Url                      = {http://www.nature.com/doifinder/10.1038/nphys1050}
}

@Article{vanblaaderen1995rss,
  Title                    = {{Real-space structure of colloidal hard-sphere glasses}},
  Author                   = {van Blaaderen, Alfons and Wiltzius, P},
  Journal                  = {Science},
  Year                     = {1995},
  Number                   = {5239},
  Pages                    = {1177},
  Volume                   = {270},

  Doi                      = {10.1126/science.270.5239.1177},
  Publisher                = {AAAS}
}

@Article{bosma2002,
  Title                    = {{Preparation of monodisperse, fluorescent PMMA-latex colloids by dispersion polymerization.}},
  Author                   = {Bosma, Gilles and Pathmamanoharan, Chellapah and {de Hoog}, Els H A and Kegel, Willem K. and van Blaaderen, Alfons and Lekkerkerker, Henk N W},
  Journal                  = {J. Colloid Interface Sci.},
  Year                     = {2002},
  Month                    = jan,
  Number                   = {2},
  Pages                    = {292--300},
  Volume                   = {245},

  Doi                      = {10.1006/jcis.2001.7986},
  ISSN                     = {0021-9797},
  Keywords                 = {COPOLYMERIZATION,MEDIA,PARTICLES,SILICA SPHERES},
  Pmid                     = {16290362},
  Url                      = {http://www.ncbi.nlm.nih.gov/pubmed/16290362}
}

@Article{Campbell2005,
  Title                    = {{Dynamical arrest in attractive colloids: The effect of long-range repulsion}},
  Author                   = {Campbell, Andrew and Anderson, Valerie and van Duijneveldt, Jeroen and Bartlett, Paul},
  Journal                  = {Phys. Rev. Lett.},
  Year                     = {2005},
  Month                    = may,
  Number                   = {20},
  Pages                    = {208301},
  Volume                   = {94},

  Doi                      = {10.1103/PhysRevLett.94.208301},
  ISSN                     = {0031-9007},
  Url                      = {http://link.aps.org/doi/10.1103/PhysRevLett.94.208301}
}

@Article{cavagna2009supercooled,
  Title                    = {{Supercooled liquids for pedestrians}},
  Author                   = {Cavagna, Andrea},
  Journal                  = {Phys. Rep.},
  Year                     = {2009},
  Month                    = jun,
  Number                   = {4-6},
  Pages                    = {51--124},
  Volume                   = {476},

  Doi                      = {10.1016/j.physrep.2009.03.003},
  ISSN                     = {03701573},
  Keywords                 = {glass transition},
  Publisher                = {Elsevier},
  Url                      = {http://linkinghub.elsevier.com/retrieve/pii/S0370157309001112}
}

@Article{Cavagna2003,
  Title                    = {{Glass and polycrystal states in a lattice spin model}},
  Author                   = {Cavagna, Andrea and Giardina, Irene and Grigera, Tomas S.},
  Journal                  = {J. Chem. Phys.},
  Year                     = {2003},
  Number                   = {15},
  Pages                    = {6974-6988},
  Volume                   = {118},

  Doi                      = {10.1063/1.1560937},
  ISSN                     = {00219606},
  Url                      = {http://link.aip.org/link/JCPSA6/v118/i15/p6974/s1\&Agg=doi}
}

@Article{Celino2007,
  Title                    = {{Role of defective icosahedra in undercooled copper}},
  Author                   = {Celino, Massimo and Rosato, Vittorio and {Di Cicco}, Andrea and Trapananti, Angela and Massobrio, Carlo},
  Journal                  = {Phys. Rev. B},
  Year                     = {2007},
  Month                    = may,
  Number                   = {17},
  Pages                    = {174210},
  Volume                   = {75},

  Doi                      = {10.1103/PhysRevB.75.174210},
  ISSN                     = {1098-0121},
  Url                      = {http://link.aps.org/doi/10.1103/PhysRevB.75.174210}
}

@Article{Charbonneau,
  Title                    = {Geometrical frustration and static correlations in a simple glass former},
  Author                   = {Charbonneau, Benoit and Charbonneau, Patrick and Tarjus, Gilles},
  Journal                  = {Phys. Rev. Lett.},
  Year                     = {2012},
  Month                    = {Jan},
  Pages                    = {035701},
  Volume                   = {108},

  Doi                      = {10.1103/PhysRevLett.108.035701},
  Issue                    = {3},
  Numpages                 = {5},
  Owner                    = {Hajime Tanaka},
  Publisher                = {American Physical Society},
  Timestamp                = {2011.12.30},
  Url                      = {http://link.aps.org/doi/10.1103/PhysRevLett.108.035701}
}

@Article{Clarke1993,
  Title                    = {{Structural changes accompanying densification of random hard-sphere packings}},
  Author                   = {Clarke, Andrew and J\'{o}nsson, Hannes},
  Journal                  = {Phys. Rev. E},
  Year                     = {1993},
  Month                    = jun,
  Number                   = {6},
  Pages                    = {3975--3984},
  Volume                   = {47},

  Doi                      = {10.1103/PhysRevE.47.3975},
  ISSN                     = {1063-651X},
  Url                      = {http://link.aps.org/doi/10.1103/PhysRevE.47.3975}
}

@Article{Coslovich2011,
  Title                    = {{Locally preferred structures and many-body static correlations in viscous liquids}},
  Author                   = {Coslovich, Daniele},
  Journal                  = {Phys. Rev. E},
  Year                     = {2011},
  Month                    = may,
  Number                   = {5},
  Pages                    = {051505},
  Volume                   = {83},

  Doi                      = {10.1103/PhysRevE.83.051505},
  ISSN                     = {1539-3755},
  Url                      = {http://link.aps.org/doi/10.1103/PhysRevE.83.051505}
}

@Article{Coslovich2007,
  Title                    = {{Understanding fragility in supercooled Lennard-Jones mixtures. I. Locally preferred structures.}},
  Author                   = {Coslovich, Daniele and Pastore, G},
  Journal                  = {J. Chem. Phys.},
  Year                     = {2007},
  Month                    = sep,
  Number                   = {12},
  Pages                    = {124504},
  Volume                   = {127},

  Doi                      = {10.1063/1.2773716},
  ISSN                     = {0021-9606},
  Pmid                     = {17902918},
  Url                      = {http://www.ncbi.nlm.nih.gov/pubmed/17902918}
}

@Article{Crocker1996,
  Title                    = {{Methods of digital video microscopy for colloidal studies}},
  Author                   = {Crocker, J. and Grier, D. G.},
  Journal                  = {J. Colloid Interface Sci.},
  Year                     = {1996},
  Month                    = apr,
  Number                   = {1},
  Pages                    = {298--310},
  Volume                   = {179},

  Doi                      = {10.1006/jcis.1996.0217},
  ISSN                     = {00219797},
  Keywords                 = {colloid,diffusion coefficient,dynamics,for acquiring digital video,image processing,images of colloidal particles,in section ii,interaction potential,optical,required,sec-,tweezers,video microscopy,we describe typical instrumentation},
  Url                      = {http://linkinghub.elsevier.com/retrieve/pii/S0021979796902179}
}

@Article{dinsmore2001tdc,
  Title                    = {{Three-dimensional confocal microscopy of colloids}},
  Author                   = {Dinsmore, A. D. and Weeks, Eric R. and Prasad, Vikram and Levitt, Andrew C. and Weitz, David A.},
  Journal                  = {Appl. Optics},
  Year                     = {2001},
  Number                   = {24},
  Pages                    = {4152},
  Volume                   = {40},

  Doi                      = {10.1364/AO.40.004152},
  ISSN                     = {0003-6935},
  Url                      = {http://www.opticsinfobase.org/abstract.cfm?URI=AO-40-24-4152}
}

@Article{Donati1999,
  Title                    = {{Growing spatial correlations of particle displacements in a simulated liquid on cooling toward the glass transition}},
  Author                   = {Donati, Claudio and Glotzer, Sharon and Poole, Peter},
  Journal                  = {Phys. Rev. Lett.},
  Year                     = {1999},
  Month                    = jun,
  Number                   = {25},
  Pages                    = {5064--5067},
  Volume                   = {82},

  Doi                      = {10.1103/PhysRevLett.82.5064},
  ISSN                     = {0031-9007},
  Url                      = {http://link.aps.org/doi/10.1103/PhysRevLett.82.5064}
}

@Article{Donati1999a,
  Title                    = {{Spatial correlations of mobility and immobility in a glass-forming Lennard-Jones liquid.}},
  Author                   = {Donati, Claudio and Glotzer, Sharon C. and Poole, Peter H. and Kob, Walter and Plimpton, Steven J.},
  Journal                  = {Phys. Rev. E},
  Year                     = {1999},
  Month                    = sep,
  Number                   = {3},
  Pages                    = {3107--3119},
  Volume                   = {60},

  Doi                      = {10.1103/PhysRevE.60.3107},
  ISSN                     = {1063-651X},
  Pmid                     = {11970118},
  Url                      = {http://www.ncbi.nlm.nih.gov/pubmed/11970118}
}

@Article{Doye2003,
  Title                    = {{The favored cluster structures of model glass formers}},
  Author                   = {Doye, Jonathan P. K. and Wales, David J. and Zetterling, FredrikH. M. and Dzugutov, Mikhail},
  Journal                  = {J. Chem. Phys.},
  Year                     = {2003},
  Number                   = {6},
  Pages                    = {2792-2799},
  Volume                   = {118},

  Doi                      = {10.1063/1.1534831},
  ISSN                     = {00219606},
  Url                      = {http://link.aip.org/link/JCPSA6/v118/i6/p2792/s1\&Agg=doi}
}

@Article{Dzugutov1993,
  Title                    = {{Formation of a dodecagonal quasicrystalline phase in a simple monatomic liquid}},
  Author                   = {Dzugutov, Mikhail},
  Journal                  = {Phys. Rev. Lett.},
  Year                     = {1993},
  Month                    = may,
  Number                   = {19},
  Pages                    = {2924--2927},
  Volume                   = {70},

  Doi                      = {10.1103/PhysRevLett.70.2924},
  ISSN                     = {0031-9007},
  Url                      = {http://link.aps.org/doi/10.1103/PhysRevLett.70.2924}
}

@Article{Dzugutov2002,
  Title                    = {{Decoupling of diffusion from structural relaxation and spatial heterogeneity in a supercooled simple liquid}},
  Author                   = {Dzugutov, Mikhail and Simdyankin, Sergei and Zetterling, Fredrik H. M.},
  Journal                  = {Phys. Rev. Lett.},
  Year                     = {2002},
  Month                    = oct,
  Number                   = {19},
  Pages                    = {195701},
  Volume                   = {89},

  Doi                      = {10.1103/PhysRevLett.89.195701},
  ISSN                     = {0031-9007},
  Keywords                 = {dynamic heterogeneities,glass transition},
  Publisher                = {American Physical Society},
  Url                      = {http://link.aps.org/doi/10.1103/PhysRevLett.89.195701}
}

@Article{Fasolo2003,
  Title                    = {{Equilibrium phase behavior of polydisperse hard spheres}},
  Author                   = {Fasolo, Moreno and Sollich, Peter},
  Journal                  = {Phys. Rev. Lett.},
  Year                     = {2003},
  Month                    = aug,
  Number                   = {6},
  Pages                    = {068301},
  Volume                   = {91},

  Doi                      = {10.1103/PhysRevLett.91.068301},
  ISSN                     = {0031-9007},
  Keywords                 = {phase diagram,polydispersity},
  Url                      = {http://link.aps.org/doi/10.1103/PhysRevLett.91.068301}
}

@Article{Fleer2008,
  Title                    = {{Analytical phase diagrams for colloids and non-adsorbing polymer.}},
  Author                   = {Fleer, Gerard J and Tuinier, Remco},
  Journal                  = {Adv. Colloid Interface Sci.},
  Year                     = {2008},
  Month                    = nov,
  Number                   = {1-2},
  Pages                    = {1--47},
  Volume                   = {143},

  Doi                      = {10.1016/j.cis.2008.07.001},
  File                     = {:home/mathieu/Documents/Mendeley Desktop/2008/Advances in colloid and interface science/Fleer, Tuinier - 2008 - Analytical phase diagrams for colloids and non-adsorbing polymer.pdf:pdf},
  ISSN                     = {1873-3727},
  Pmid                     = {18783771},
  Url                      = {http://www.sciencedirect.com/science/article/pii/S0001868608001127}
}

@Article{Flenner2011,
  Title                    = {{Analysis of a growing dynamic length scale in a glass-forming binary hard-sphere mixture}},
  Author                   = {Flenner, Elijah and Zhang, Min and Szamel, Grzegorz},
  Journal                  = {Phys. Rev. E},
  Year                     = {2011},
  Month                    = may,
  Number                   = {5},
  Pages                    = {051501},
  Volume                   = {83},

  Doi                      = {10.1103/PhysRevE.83.051501},
  ISSN                     = {1539-3755},
  Url                      = {http://link.aps.org/doi/10.1103/PhysRevE.83.051501}
}

@Article{Frank1952,
  Title                    = {{Supercooling of liquids}},
  Author                   = {Frank, F. C.},
  Journal                  = {Proc. Roy. Soc. London},
  Year                     = {1952},
  Month                    = nov,
  Number                   = {1120},
  Pages                    = {43--46},
  Volume                   = {215},

  Doi                      = {10.1098/rspa.1952.0194},
  ISSN                     = {1364-5021},
  Publisher                = {JSTOR},
  Url                      = {http://rspa.royalsocietypublishing.org/cgi/doi/10.1098/rspa.1952.0194}
}

@Article{Frank1959,
  Title                    = {{Complex alloy structures regarded as sphere packings. II. Analysis and classification of representative structures}},
  Author                   = {Frank, F. C. and Kasper, J. S.},
  Journal                  = {Acta Crystallographica},
  Year                     = {1959},
  Month                    = jul,
  Number                   = {7},
  Pages                    = {483--499},
  Volume                   = {12},

  Doi                      = {10.1107/S0365110X59001499},
  ISSN                     = {0365110X},
  Publisher                = {International Union of Crystallography},
  Url                      = {http://scripts.iucr.org/cgi-bin/paper?S0365110X59001499}
}

@Article{Frank1958,
  Title                    = {{Complex alloy structures regarded as sphere packings. I. Definitions and basic principles}},
  Author                   = {Frank, F. C. and Kasper, J. S.},
  Journal                  = {Acta Crystallographica},
  Year                     = {1958},
  Month                    = mar,
  Number                   = {3},
  Pages                    = {184--190},
  Volume                   = {11},

  Doi                      = {10.1107/S0365110X58000487},
  ISSN                     = {0365110X},
  Publisher                = {International Union of Crystallography},
  Url                      = {http://scripts.iucr.org/cgi-bin/paper?S0365110X58000487}
}

@Article{Furukawa2010,
  Title                    = {{Key role of hydrodynamic interactions in colloidal gelation}},
  Author                   = {Furukawa, Akira and Tanaka, Hajime},
  Journal                  = {Phys. Rev. Lett.},
  Year                     = {2010},
  Month                    = jun,
  Number                   = {24},
  Pages                    = {245702},
  Volume                   = {104},

  Doi                      = {10.1103/PhysRevLett.104.245702},
  File                     = {:home/mathieu/Documents/Mendeley Desktop/2010/Physical Review Letters/Furukawa, Tanaka - 2010 - Key Role of Hydrodynamic Interactions in Colloidal Gelation.pdf:pdf},
  ISSN                     = {0031-9007},
  Url                      = {http://link.aps.org/doi/10.1103/PhysRevLett.104.245702}
}

@Article{Hopkins2011b,
  Title                    = {{Phase diagram and structural diversity of the densest binary sphere packings}},
  Author                   = {Hopkins, Adam and Jiao, Yang and Stillinger, Frank and Torquato, Salvatore},
  Journal                  = {Phys. Rev. Lett.},
  Year                     = {2011},
  Month                    = sep,
  Number                   = {12},
  Pages                    = {125501},
  Volume                   = {107},

  Archiveprefix            = {arXiv},
  Arxivid                  = {1108.2210},
  Doi                      = {10.1103/PhysRevLett.107.125501},
  Eprint                   = {1108.2210},
  ISSN                     = {0031-9007},
  Keywords                 = {Atomic and Molecular Clusters,Soft Condensed Matter,Statistical Mechanics},
  Url                      = {http://arxiv.org/abs/1108.2210 http://link.aps.org/doi/10.1103/PhysRevLett.107.125501}
}

@Article{Hopkins2012,
  Title                    = {{Densest binary sphere packings}},
  Author                   = {Hopkins, Adam and Stillinger, Frank and Torquato, Salvatore},
  Journal                  = {Phys. Rev. E},
  Year                     = {2012},
  Month                    = feb,
  Number                   = {2},
  Pages                    = {021130},
  Volume                   = {85},

  Doi                      = {10.1103/PhysRevE.85.021130},
  ISSN                     = {1539-3755},
  Url                      = {http://link.aps.org/doi/10.1103/PhysRevE.85.021130}
}

@Article{Malshe2011,
  Title                    = {{Fivefold symmetry as an inhibitor to hard-sphere crystallization}},
  Author                   = {Karayiannis, Nikos and Malshe, Rohit and de Pablo, Juan and Laso, Manuel},
  Journal                  = {Phys. Rev. E},
  Year                     = {2011},
  Month                    = jun,
  Number                   = {6},
  Pages                    = {061505},
  Volume                   = {83},

  Doi                      = {10.1103/PhysRevE.83.061505},
  ISSN                     = {1539-3755},
  Url                      = {http://link.aps.org/doi/10.1103/PhysRevE.83.061505}
}

@Article{kawasaki2007cbd,
  Title                    = {{Correlation between dynamic heterogeneity and medium-range order in two-dimensional glass-forming liquids}},
  Author                   = {Kawasaki, Takeshi and Araki, Takeaki and Tanaka, Hajime},
  Journal                  = {Phys. Rev. Lett.},
  Year                     = {2007},
  Month                    = nov,
  Number                   = {21},
  Pages                    = {215701},
  Volume                   = {99},

  Doi                      = {10.1103/PhysRevLett.99.215701},
  ISSN                     = {0031-9007},
  Keywords                 = {bond orientational order,dynamic heterogeneities,glass transition},
  Publisher                = {APS},
  Url                      = {http://link.aps.org/doi/10.1103/PhysRevLett.99.215701}
}

@Article{KawasakiJPCM,
  Title                    = {Structural signature of slow dynamics and dynamic heterogeneity in two-dimensional colloidal liquids: glassy structural order},
  Author                   = {T. Kawasaki and H. Tanaka},
  Journal                  = {J. Phys.: Condens. Matter},
  Year                     = {2011},
  Pages                    = {194121},
  Volume                   = {23},

  Doi                      = {10.1088/0953-8984/23/19/194121},
  Owner                    = {Hajime Tanaka},
  Timestamp                = {2010.06.20}
}

@Article{Kawasaki2010,
  Title                    = {{Structural origin of dynamic heterogeneity in three-dimensional colloidal glass formers and its link to crystal nucleation}},
  Author                   = {Kawasaki, Takeshi and Tanaka, Hajime},
  Journal                  = {J. Phys.: Condens. Matter},
  Year                     = {2010},
  Month                    = jun,
  Number                   = {23},
  Pages                    = {232102},
  Volume                   = {22},

  Doi                      = {10.1088/0953-8984/22/23/232102},
  ISSN                     = {0953-8984},
  Url                      = {http://stacks.iop.org/0953-8984/22/i=23/a=232102?key=crossref.c6f2eb5b9f026384c487dff513678a72}
}

@Article{Kawasaki2010c,
  Title                    = {{Formation of a crystal nucleus from liquid.}},
  Author                   = {Kawasaki, Takeshi and Tanaka, Hajime},
  Journal                  = {Proc. Nat. Acad. Sci. USA},
  Year                     = {2010},
  Month                    = aug,
  Number                   = {32},
  Pages                    = {14036--41},
  Volume                   = {107},

  Doi                      = {10.1073/pnas.1001040107},
  ISSN                     = {1091-6490},
  Pmid                     = {20663951},
  Url                      = {http://www.pubmedcentral.nih.gov/articlerender.fcgi?artid=2922597\&tool=pmcentrez\&rendertype=abstract}
}

@Article{kegel2000swe,
  Title                    = {{Direct observation of dynamical heterogeneities in colloidal hard-sphere suspensions}},
  Author                   = {Kegel, Willem K. and {van Blaaderen}, Alfons},
  Journal                  = {Science},
  Year                     = {2000},
  Pages                    = {290-293},
  Volume                   = {287},

  Doi                      = {10.1126/science.287.5451.290 }
}

@Article{kivelson1995tts,
  Title                    = {{A thermodynamic theory of supercooled liquids}},
  Author                   = {Kivelson, D and Kivelson, S. A. and Zhao, X. and Nussinov, Z. and Tarjus, Gilles},
  Journal                  = {Physica A},
  Year                     = {1995},
  Month                    = sep,
  Number                   = {1-2},
  Pages                    = {27--38},
  Volume                   = {219},

  Doi                      = {10.1016/0378-4371(95)00140-3},
  ISSN                     = {03784371},
  Keywords                 = {glass transition},
  Url                      = {http://linkinghub.elsevier.com/retrieve/pii/0378437195001403}
}

@Article{Kob1997,
  Title                    = {{Dynamical heterogeneities in a supercooled Lennard-Jones liquid}},
  Author                   = {Kob, Walter and Donati, Claudio and Plimpton, Steven and Poole, Peter and Glotzer, Sharon},
  Journal                  = {Phys. Rev. Lett.},
  Year                     = {1997},
  Month                    = oct,
  Number                   = {15},
  Pages                    = {2827--2830},
  Volume                   = {79},

  Doi                      = {10.1103/PhysRevLett.79.2827},
  ISSN                     = {0031-9007},
  Keywords                 = {dynamic heterogeneities,glass transition},
  Url                      = {http://link.aps.org/doi/10.1103/PhysRevLett.79.2827}
}

@Article{Kob2011,
  Title                    = {{Non-monotonic temperature evolution of dynamic correlations in glass-forming liquids}},
  Author                   = {Kob, Walter and Rold\'{a}n-Vargas, S\'{a}ndalo and Berthier, Ludovic},
  Journal                  = {Nature Physics},
  Year                     = {2011},
  Month                    = oct,
  Number                   = {11},
  Pages                    = {164--167},
  Volume                   = {7},

  Doi                      = {10.1038/nphys2133},
  ISSN                     = {1745-2473},
  Publisher                = {Nature Publishing Group},
  Url                      = {http://www.nature.com/doifinder/10.1038/nphys2133}
}

@Article{Kurita2011,
  Title                    = {{Incompressibility of polydisperse random-close-packed colloidal particles}},
  Author                   = {Kurita, Rei and Weeks, Eric R.},
  Journal                  = {Phys. Rev. E},
  Year                     = {2011},
  Month                    = sep,
  Number                   = {3},
  Pages                    = {030401},
  Volume                   = {84},

  Archiveprefix            = {arXiv},
  Arxivid                  = {1107.1765},
  Doi                      = {10.1103/PhysRevE.84.030401},
  Eprint                   = {1107.1765},
  ISSN                     = {1539-3755},
  Keywords                 = {Soft Condensed Matter},
  Url                      = {http://arxiv.org/abs/1107.1765 http://link.aps.org/doi/10.1103/PhysRevE.84.030401}
}

@Article{Kurita2011b,
  Title                    = {{Measuring every colloidal particle's size in a confocal microscopy experiment}},
  Author                   = {Kurita, Rei and Weeks, Eric R.},
  Year                     = {2011},
  Month                    = dec,

  Archiveprefix            = {arXiv},
  Arxivid                  = {1112.1460},
  Eprint                   = {1112.1460},
  Keywords                 = {Soft Condensed Matter},
  Url                      = {http://arxiv.org/abs/1112.1460}
}

@Book{Landau1965,
  Title                    = {{Kvantovaya mehanika, Fizmatgiz, Moscow 1963. Translation: Quantum Mechanics}},
  Author                   = {Landau, L. D. and Lifschitz, E. M.},
  Publisher                = {Pergamon Press, London},
  Year                     = {1965}
}

@Article{Lechner2008,
  Title                    = {{Accurate determination of crystal structures based on averaged local bond order parameters.}},
  Author                   = {Lechner, Wolfgang and Dellago, Christoph},
  Journal                  = {J. Chem. Phys.},
  Year                     = {2008},
  Number                   = {11},
  Pages                    = {114707},
  Volume                   = {129},

  Doi                      = {10.1063/1.2977970},
  ISSN                     = {1089-7690},
  Keywords                 = {bond orientational order,structure identification},
  Pmid                     = {19044980},
  Url                      = {http://www.ncbi.nlm.nih.gov/pubmed/19044980}
}

@Article{Lindeberg1993,
  Title                    = {{Detecting salient blob-like image structures and their scales with a scale-space primal sketch: A method for focus-of-attention}},
  Author                   = {Lindeberg, Tony},
  Journal                  = {Int. J. Comput. Vision},
  Year                     = {1993},
  Month                    = dec,
  Number                   = {3},
  Pages                    = {283--318},
  Volume                   = {11},

  Doi                      = {10.1007/BF01469346},
  ISSN                     = {0920-5691},
  Keywords                 = {computer,image},
  Url                      = {http://www.springerlink.com/index/10.1007/BF01469346}
}

@Article{liu2010metallic,
  Title                    = {Metallic liquids and glasses: Atomic order and global packing},
  Author                   = {Liu, X. J. and Xu, Y. and Hui, X. and Lu, Z. P. and Li, F. and Chen, G. L. and Lu, J. and Liu, C. T.},
  Journal                  = {Phys. Rev. Lett.},
  Year                     = {2010},
  Number                   = {15},
  Pages                    = {155501},
  Volume                   = {105},

  Doi                      = {10.1103/PhysRevLett.105.155501},
  Publisher                = {APS}
}

@Article{Lowe2004,
  Title                    = {{Distinctive image features from scale-invariant keypoints}},
  Author                   = {Lowe, David G.},
  Journal                  = {Int. J. Comput. Vision},
  Year                     = {2004},
  Month                    = nov,
  Number                   = {2},
  Pages                    = {91--110},
  Volume                   = {60},

  Doi                      = {10.1023/B:VISI.0000029664.99615.94},
  ISSN                     = {0920-5691},
  Keywords                 = {computer,image},
  Mendeley-tags            = {computer,image},
  Url                      = {http://www.springerlink.com/openurl.asp?id=doi:10.1023/B:VISI.0000029664.99615.94}
}

@Article{Lu2006,
  Title                    = {{Fluids of clusters in attractive colloids}},
  Author                   = {Lu, Peter J. and Conrad, Jacinta C. and Wyss, Hans M. and Schofield, Andrew B. and Weitz, David a.},
  Journal                  = {Phys. Rev. Lett.},
  Year                     = {2006},
  Number                   = {2},
  Pages                    = {1--4},
  Volume                   = {96},

  Abstract                 = {We show that colloidal particles with attractive interactions induced by a nonadsorbing polymer exhibit a stable phase consisting of a fluid of clusters of particles. This phase persists even in the absence of any long-range repulsion due to charge, contrary to expectations based on simulation and theory. Cluster morphology depends strongly on the range of the interparticle attraction: With a shorter range, clusters are tenuous and branched; with a longer range, they are more compact.},
  Doi                      = {10.1103/PhysRevLett.96.028306},
  File                     = {:home/mathieu/Documents/Mendeley Desktop/2006/Physical Review Letters/Lu et al. - 2006 - Fluids of clusters in attractive colloids.pdf:pdf},
  ISBN                     = {0031-9007},
  ISSN                     = {00319007},
  Owner                    = {mathieu},
  Pmid                     = {16486659},
  Timestamp                = {2015.09.09}
}

@Article{Lu2007,
  Title                    = {{Target-locking acquisition with real-time confocal (TARC) microscopy}},
  Author                   = {Lu, Peter James and Sims, Peter A and Oki, Hidekazu and Macarthur, James B and Weitz, David A},
  Journal                  = {Opt. Express},
  Year                     = {2007},
  Month                    = jul,
  Number                   = {14},
  Pages                    = {8702},
  Volume                   = {15},

  Doi                      = {10.1364/OE.15.008702},
  ISSN                     = {1094-4087},
  Pmid                     = {19547205},
  Url                      = {http://www.opticsinfobase.org/abstract.cfm?URI=oe-15-14-8702}
}

@Article{lu2008gelation,
  Title                    = {{Gelation of particles with short-range attraction}},
  Author                   = {Lu, Peter James and Zaccarelli, Emanuela and Ciulla, F and Schofield, Andrew and Sciortino, Francesco and Weitz, David A},
  Journal                  = {Nature},
  Year                     = {2008},
  Number                   = {7194},
  Pages                    = {499--503},
  Volume                   = {453},

  Keywords                 = {gel,interactions},
  Mendeley-tags            = {gel,interactions},
  Publisher                = {Nature Publishing Group}
}

@Article{lubchenko2007,
  Title                    = {Theory of structural glasses and supercooled liquids},
  Author                   = {Lubchenko, V. and Wolynes, P. G.},
  Journal                  = {Annu. Rev. Phys. Chem.},
  Year                     = {2007},
  Pages                    = {235--266},
  Volume                   = {58},

  Doi                      = {10.1146/annurev.physchem.58.032806.104653},
  Publisher                = {Annual Reviews}
}

@Article{Luo2004,
  Title                    = {{Icosahedral short-range order in amorphous alloys}},
  Author                   = {Luo, W. and Sheng, H. and Alamgir, F. and Bai, J. and He, J. and Ma, E.},
  Journal                  = {Phys. Rev. Lett.},
  Year                     = {2004},
  Month                    = apr,
  Number                   = {14},
  Pages                    = {145502},
  Volume                   = {92},

  Doi                      = {10.1103/PhysRevLett.92.145502},
  ISSN                     = {0031-9007},
  Url                      = {http://link.aps.org/doi/10.1103/PhysRevLett.92.145502}
}

@Article{VanMegen2009a,
  Title                    = {{Arrest of flow and emergence of activated processes at the glass transition of a suspension of particles with hard spherelike interactions}},
  Author                   = {van Megen, William and Martinez, V. A. and Bryant, G.},
  Journal                  = {Phys. Rev. Lett.},
  Year                     = {2009},
  Month                    = apr,
  Number                   = {16},
  Pages                    = {168301},
  Volume                   = {102},

  Doi                      = {10.1103/PhysRevLett.102.168301},
  ISSN                     = {0031-9007},
  Url                      = {http://link.aps.org/doi/10.1103/PhysRevLett.102.168301}
}

@Article{Montanari2006,
  Title                    = {{Rigorous inequalities between length and time scales in glassy systems}},
  Author                   = {Montanari, Andrea and Semerjian, Guilhem},
  Year                     = {2006},
  Number                   = {1},
  Pages                    = {23--54},
  Volume                   = {125},

  Doi                      = {10.1007/s10955-006-9175-y},
  Keywords                 = {correlation length,correlation time,glass transition,glauber dynamics}
}

@Article{OMalley2005,
  Title                    = {{Structure of hard-sphere fluid and precursor structures to crystallization.}},
  Author                   = {O'Malley, Brendan and Snook, Ian},
  Journal                  = {J. Chem. Phys.},
  Year                     = {2005},
  Month                    = aug,
  Number                   = {5},
  Pages                    = {054511},
  Volume                   = {123},

  Doi                      = {10.1063/1.1992475},
  ISSN                     = {0021-9606},
  Pmid                     = {16108673},
  Url                      = {http://www.ncbi.nlm.nih.gov/pubmed/16108673}
}

@Article{Parisi2010,
  Title                    = {{Mean-field theory of hard sphere glasses and jamming}},
  Author                   = {Parisi, Giorgio and Zamponi, Francesco},
  Journal                  = {Rev. Mod. Phys.},
  Year                     = {2010},
  Month                    = mar,
  Number                   = {1},
  Pages                    = {789--845},
  Volume                   = {82},

  Doi                      = {10.1103/RevModPhys.82.789},
  File                     = {:home/mathieu/Documents/Mendeley Desktop/2010/Reviews of Modern Physics/Parisi, Zamponi - 2010 - Mean-field theory of hard sphere glasses and jamming.pdf:pdf},
  ISSN                     = {0034-6861},
  Url                      = {http://link.aps.org/doi/10.1103/RevModPhys.82.789}
}

@Article{Pedersen2010,
  Title                    = {{Geometry of slow structural fluctuations in a supercooled binary alloy}},
  Author                   = {Pedersen, Ulf R. and Schr{\o}der, Thomas B. and Dyre, Jeppe C. and Harrowell, Peter},
  Journal                  = {Phys. Rev. Lett.},
  Year                     = {2010},
  Month                    = mar,
  Number                   = {10},
  Pages                    = {105701},
  Volume                   = {104},

  Doi                      = {10.1103/PhysRevLett.104.105701},
  ISSN                     = {0031-9007},
  Url                      = {http://link.aps.org/doi/10.1103/PhysRevLett.104.105701}
}

@Article{Poon2012,
  Title                    = {{On measuring colloidal volume fractions}},
  Author                   = {Poon, Wilson C. K. and Weeks, Eric R. and Royall, C. Patrick},
  Journal                  = {Soft Matter},
  Year                     = {2012},
  Month                    = jun,
  Pages                    = {21-30},
  Volume                   = {8},

  Abstract                 = {Hard-sphere colloids are popular as models for testing fundamental theories in condensed matter and statistical physics, from crystal nucleation to the glass transition. A single parameter, the volume fraction (phi), characterizes an ideal, monodisperse hard-sphere suspension. In comparing experiments with theories and simulation, researchers to date have paid little attention to likely uncertainties in experimentally-quoted phi values. We critically review the experimental measurement of phi in hard-sphere colloids, and show that while statistical uncertainties in comparing relative values of phi can be as low as 0.0001, systematic errors of 3-6\% are probably unavoidable. The consequences of this are illustrated by way of a case study comparing literature data sets on hard-sphere viscosity and diffusion.},
  Archiveprefix            = {arXiv},
  Arxivid                  = {1106.2566},
  Doi                      = {10.1039/c1sm06083j},
  Eprint                   = {1106.2566},
  ISSN                     = {1744-683X},
  Keywords                 = {Soft Condensed Matter},
  Url                      = {http://arxiv.org/abs/1106.2566 http://xlink.rsc.org/?DOI=c1sm06083j}
}

@Article{pusey1987ogt,
  Title                    = {{Observation of a glass transition in suspensions of spherical colloidal particles}},
  Author                   = {Pusey, Peter N and van Megen, William},
  Journal                  = {Phys. Rev. Lett.},
  Year                     = {1987},
  Month                    = nov,
  Number                   = {18},
  Pages                    = {2083--2086},
  Volume                   = {59},

  Doi                      = {10.1103/PhysRevLett.59.2083},
  ISSN                     = {0031-9007},
  Publisher                = {APS},
  Url                      = {http://link.aps.org/doi/10.1103/PhysRevLett.59.2083}
}

@Article{Reichert2000,
  Title                    = {{Observation of five-fold local symmetry in liquid lead.}},
  Author                   = {Reichert, H and Klein, O and Dosch, H and Denk, M and Honkim\"{a}ki, V and Lippmann, T and Reiter, G},
  Journal                  = {Nature},
  Year                     = {2000},
  Month                    = dec,
  Number                   = {6814},
  Pages                    = {839--841},
  Volume                   = {408},

  Doi                      = {10.1038/35048537},
  ISSN                     = {0028-0836},
  Pmid                     = {11130718},
  Url                      = {http://www.ncbi.nlm.nih.gov/pubmed/11130718}
}

@Article{Royall2003,
  Title                    = {{A new colloidal model system to study long-range interactions quantitatively in real space}},
  Author                   = {Royall, C. Patrick and Leunissen, Mirjam E. and van Blaaderen, Alfons},
  Journal                  = {J. Phys.: Condens. Matter},
  Year                     = {2003},
  Month                    = dec,
  Number                   = {48},
  Pages                    = {S3581--S3596},
  Volume                   = {15},

  Doi                      = {10.1088/0953-8984/15/48/017},
  ISSN                     = {0953-8984},
  Keywords                 = {colloids,interactions},
  Mendeley-tags            = {colloids,interactions},
  Url                      = {http://stacks.iop.org/0953-8984/15/i=48/a=017?key=crossref.336d18ca0cebf66462a92c17ba5e0b5a}
}

@Article{Royall2007,
  Title                    = {{Measuring colloidal interactions with confocal microscopy.}},
  Author                   = {Royall, C. Patrick and Louis, Ard A and Tanaka, Hajime},
  Journal                  = {J. Chem. Phys.},
  Year                     = {2007},
  Month                    = jul,
  Number                   = {4},
  Pages                    = {044507},
  Volume                   = {127},

  Abstract                 = {We use confocal laser scanning microscopy to measure interactions in colloidal suspensions. By inverting the radial distribution function, determined by tracking the particle coordinates, we obtain the effective interaction between the colloidal particles. Although this method can be applied to arbitrary colloidal interactions, here we demonstrate its efficacy with two well-known systems for which accurate theories are available: a colloid-polymer mixture and binary hard spheres. The high sensitivity of this method allows for the precise determination of complex interactions, as exemplified, for example, by the accurate resolution of the oscillatory effective potential of the binary hard sphere system. We argue that the method is particularly well suited for the determination of attractive forces.},
  Doi                      = {10.1063/1.2755962},
  ISSN                     = {0021-9606},
  Keywords                 = {Chemical,Colloids,Colloids: chemistry,Complex Mixtures,Complex Mixtures: chemistry,Computer Simulation,Computer-Assisted,Computer-Assisted: methods,Confocal,Confocal: methods,Image Interpretation,Microscopy,Models,Molecular,Molecular Conformation,Nephelometry and Turbidimetry,Nephelometry and Turbidimetry: methods},
  Pmid                     = {17672707},
  Url                      = {http://www.ncbi.nlm.nih.gov/pubmed/17672707}
}

@Article{royall2005,
  Title                    = {{Extended sedimentation profiles in charged colloids: the gravitational length, entropy, and electrostatics}},
  Author                   = {Royall, C. Patrick and van Roij, Ren\'{e} and van Blaaderen, A.},
  Journal                  = {J. Phys.: Condens. Matter},
  Year                     = {2005},
  Month                    = apr,
  Number                   = {15},
  Pages                    = {2315--2326},
  Volume                   = {17},

  Doi                      = {10.1088/0953-8984/17/15/005},
  ISSN                     = {0953-8984},
  Keywords                 = {Soft Condensed Matter,interactions,sedimentation},
  Url                      = {http://stacks.iop.org/0953-8984/17/i=15/a=005?key=crossref.6f8a358c1d3befb4c62741159ec4e7e0}
}

@Article{Russo2012,
  Title                    = {{Selection mechanism of polymorphs in the crystal nucleation of the Gaussian core model}},
  Author                   = {Russo, John and Tanaka, Hajime},
  Journal                  = {Soft Matter},
  Year                     = {2012},
  Pages                    = {4206-4215},
  Volume                   = {8},

  ISSN                     = {1744-683X}
}

@Article{Russo2011,
  Title                    = {{Crystal nucleation as delocalization of local symmetry breaking in supercooled liquid}},
  Author                   = {Russo, John and Tanaka, Hajime},
  Year                     = {2011},
  Month                    = sep,
  Pages                    = {1--7},

  Archiveprefix            = {arXiv},
  Arxivid                  = {1109.0107},
  Eprint                   = {1109.0107},
  Keywords                 = {Soft Condensed Matter},
  Url                      = {http://arxiv.org/abs/1109.0107}
}

@Book{sadoc1999geometrical,
  Title                    = {Geometrical frustration},
  Author                   = {Sadoc, J. F. and Mosseri, R.},
  Publisher                = {Cambridge Univ Pr},
  Year                     = {1999}
}

@Article{Schilling2010,
  Title                    = {{Precursor-mediated crystallization process in suspensions of hard spheres}},
  Author                   = {Schilling, T. and Sch\"{o}pe, H. and Oettel, M. and Opletal, G. and Snook, I.},
  Journal                  = {Phys. Rev. Lett.},
  Year                     = {2010},
  Month                    = jul,
  Number                   = {2},
  Pages                    = {025701},
  Volume                   = {105},

  Doi                      = {10.1103/PhysRevLett.105.025701},
  Url                      = {http://link.aps.org/doi/10.1103/PhysRevLett.105.025701}
}

@Article{ShintaniNP,
  Title                    = {Frustration on the way to crystallization in glass},
  Author                   = {Shintani, Hiroshi and Tanaka, Hajime},
  Journal                  = {Nature Phys.},
  Year                     = {2006},
  Pages                    = {200-206},
  Volume                   = {2},

  Owner                    = {Hajime},
  Timestamp                = {2011.08.17}
}

@Article{Spaepen2000,
  Title                    = {{Five-fold symmetry in liquids.}},
  Author                   = {Spaepen, Frans},
  Journal                  = {Nature},
  Year                     = {2000},
  Month                    = dec,
  Number                   = {6814},
  Pages                    = {781--782},
  Volume                   = {408},

  Doi                      = {10.1038/35048652},
  ISSN                     = {0028-0836},
  Pmid                     = {11130702},
  Url                      = {http://www.nature.com/nature/journal/v408/n6814/full/408781a0.html}
}

@Article{steinhardt1983boo,
  Title                    = {{Bond-orientational order in liquids and glasses}},
  Author                   = {Steinhardt, Paul J. and Nelson, David R. and Ronchetti, Marco},
  Journal                  = {Phys. Rev. B},
  Year                     = {1983},
  Month                    = jul,
  Number                   = {2},
  Pages                    = {784--805},
  Volume                   = {28},

  Doi                      = {10.1103/PhysRevB.28.784},
  ISSN                     = {0163-1829},
  Keywords                 = {bond orientational order,glass transition,structure identification},
  Publisher                = {APS},
  Url                      = {http://link.aps.org/doi/10.1103/PhysRevB.28.784}
}

@Article{TanakaMJPCM,
  Title                    = {Roles of local icosahedral chemical ordering in glass and quasicrystal formation in metallic glass formers},
  Author                   = {Tanaka, Hajime},
  Journal                  = {J. Phys.: Condens. Matter},
  Year                     = {2003},
  Pages                    = {L491-L498},
  Volume                   = {15},

  Doi                      = {10.1088/0953-8984/15/31/102},
  Owner                    = {Hajime},
  Timestamp                = {2011.08.18}
}

@Article{tanaka1999top,
  Title                    = {{Two-order-parameter description of liquids. I. A general model of glass transition covering its strong to fragile limit}},
  Author                   = {Tanaka, Hajime},
  Journal                  = {J. Chem. Phys.},
  Year                     = {1999},
  Number                   = {7},
  Pages                    = {3163},
  Volume                   = {111},

  Doi                      = {10.1063/1.479596},
  ISSN                     = {00219606},
  Publisher                = {AIP},
  Url                      = {http://jcp.aip.org/resource/1/jcpsa6/v111/i7/p3163_s1}
}

@Article{TanakaGJPCM,
  Title                    = {A simple physical model of liquid-glass transition: Intrinsic fluctuating interactions and random fields hidden in glass-forming liquids},
  Author                   = {Tanaka, Hajime},
  Journal                  = {J. Phys.: Condens. Matter},
  Year                     = {1998},
  Pages                    = {L207-L214},
  Volume                   = {10},

  Doi                      = {10.1088/0953-8984/10/14/001},
  Owner                    = {Hajime},
  Timestamp                = {2011.08.16}
}

@Article{tanaka2010critical,
  Title                    = {{Critical-like behaviour of glass-forming liquids.}},
  Author                   = {Tanaka, Hajime and Kawasaki, Takeshi and Shintani, Hiroshi and Watanabe, Keiji},
  Journal                  = {Nature Mater.},
  Year                     = {2010},
  Month                    = apr,
  Number                   = {4},
  Pages                    = {324--331},
  Volume                   = {9},

  Doi                      = {10.1038/nmat2634},
  ISSN                     = {1476-1122},
  Keywords                 = {bond orientational order,critical,glass transition},
  Pmid                     = {20173749},
  Publisher                = {Nature Publishing Group},
  Url                      = {http://www.ncbi.nlm.nih.gov/pubmed/20173749}
}

@Article{tarjus2005fba,
  Title                    = {{The frustration-based approach of supercooled liquids and the glass transition: a review and critical assessment}},
  Author                   = {Tarjus, Gilles and Kivelson, S. A. and Nussinov, Z. and Viot, P.},
  Journal                  = {J. Phys.: Condens. Matter},
  Year                     = {2005},
  Month                    = dec,
  Number                   = {50},
  Pages                    = {R1143--R1182},
  Volume                   = {17},

  Doi                      = {10.1088/0953-8984/17/50/R01},
  ISSN                     = {0953-8984},
  Keywords                 = {Statistical Mechanics},
  Url                      = {http://stacks.iop.org/0953-8984/17/i=50/a=R01?key=crossref.1eb0dd2e99e0b236d80f9ebefe49128a}
}

@Article{Teece2011,
  Title                    = {{Ageing and collapse in gels with long-range attractions}},
  Author                   = {Teece, Lisa J. and Faers, Malcolm a. and Bartlett, Paul},
  Journal                  = {Soft Matter},
  Year                     = {2011},
  Number                   = {4},
  Pages                    = {1341},
  Volume                   = {7},

  Doi                      = {10.1039/c0sm00626b},
  ISSN                     = {1744-683X},
  Url                      = {http://xlink.rsc.org/?DOI=c0sm00626b}
}

@Article{ReintenWolde1996,
  Title                    = {{Numerical calculation of the rate of crystal nucleation in a Lennard-Jones system at moderate undercooling}},
  Author                   = {{ten Wolde}, Pieter Rein and Ruiz-Montero, Maria J. and Frenkel, Daan},
  Journal                  = {J. Chem. Phys.},
  Year                     = {1996},
  Number                   = {24},
  Pages                    = {9932},
  Volume                   = {104},

  Doi                      = {10.1063/1.471721},
  ISSN                     = {00219606},
  Url                      = {http://link.aip.org/link/JCPSA6/v104/i24/p9932/s1\&Agg=doi}
}

@Article{Tomida1995,
  Title                    = {{Molecular-dynamics study of orientational order in liquids and glasses and its relation to the glass transition}},
  Author                   = {Tomida, T and Egami, T},
  Journal                  = {Phys. Rev. B},
  Year                     = {1995},
  Month                    = aug,
  Number                   = {5},
  Pages                    = {3290--3308},
  Volume                   = {52},

  Doi                      = {10.1103/PhysRevB.52.3290},
  ISSN                     = {0163-1829},
  Publisher                = {American Physical Society},
  Url                      = {http://link.aps.org/doi/10.1103/PhysRevB.52.3290}
}

@Article{Wang2011,
  Title                    = {{Atomic-scale structural evolution and stability of supercooled liquid of a Zr-based bulk metallic glass}},
  Author                   = {Wang, Q. and Liu, C. and Yang, Y. and Dong, Y. and Lu, J.},
  Journal                  = {Phys. Rev. Lett.},
  Year                     = {2011},
  Month                    = may,
  Number                   = {21},
  Pages                    = {215505},
  Volume                   = {106},

  Doi                      = {10.1103/PhysRevLett.106.215505},
  ISSN                     = {0031-9007},
  Url                      = {http://link.aps.org/doi/10.1103/PhysRevLett.106.215505}
}

@Article{Wang2004,
  Title                    = {{Bulk metallic glasses}},
  Author                   = {Wang, W. H. and Dong, C. and Shek, C. H.},
  Journal                  = {Mater. Sci. Eng. Rep.},
  Year                     = {2004},
  Month                    = jun,
  Number                   = {2-3},
  Pages                    = {45--89},
  Volume                   = {44},

  Doi                      = {10.1016/j.mser.2004.03.001},
  ISSN                     = {0927796X},
  Keywords                 = {bulk metallic glass,crystallization,glass-forming ability,high pressure techniques},
  Url                      = {http://linkinghub.elsevier.com/retrieve/pii/S0927796X04000300}
}

@Article{watanabe2008,
  Title                    = {{Direct observation of medium-range crystalline order in granular liquids near the glass transition}},
  Author                   = {Watanabe, Keiji and Tanaka, Hajime},
  Journal                  = {Phys. Rev. Lett.},
  Year                     = {2008},
  Month                    = apr,
  Number                   = {15},
  Pages                    = {158002},
  Volume                   = {100},

  Doi                      = {10.1103/PhysRevLett.100.158002},
  ISSN                     = {0031-9007},
  Keywords                 = {bond orientational order,glass transition,granular},
  Url                      = {http://link.aps.org/doi/10.1103/PhysRevLett.100.158002}
}

@Article{weeks2000,
  Title                    = {{Three-dimensional direct imaging of structural relaxation near the colloidal glass transition}},
  Author                   = {Weeks, Eric R and Crocker, J C and Levitt, A C and Schofield, Andrew and Weitz, D A},
  Journal                  = {Science},
  Year                     = {2000},
  Month                    = jan,
  Number                   = {5453},
  Pages                    = {627-631},
  Volume                   = {287},

  Doi                      = {10.1126/science.287.5453.627},
  ISSN                     = {00368075},
  Url                      = {http://www.sciencemag.org/cgi/doi/10.1126/science.287.5453.627}
}

@Article{Widmer-Cooper2005,
  Title                    = {{On the relationship between structure and dynamics in a supercooled liquid}},
  Author                   = {Widmer-Cooper, Asaph and Harrowell, Peter},
  Journal                  = {J. Phys.: Condens. Matter},
  Year                     = {2005},
  Month                    = dec,
  Number                   = {49},
  Pages                    = {S4025--S4034},
  Volume                   = {17},

  Doi                      = {10.1088/0953-8984/17/49/001},
  ISSN                     = {0953-8984},
  Keywords                 = {dynamic heterogeneities,glass transition},
  Url                      = {http://stacks.iop.org/0953-8984/17/i=49/a=001?key=crossref.418f504ee2c3da935b13825396f1101e}
}

@Article{wuttig2007phase,
  Title                    = {Phase-change materials for rewriteable data storage},
  Author                   = {Wuttig, M. and Yamada, N.},
  Journal                  = {Nature Mater.},
  Year                     = {2007},
  Number                   = {11},
  Pages                    = {824--832},
  Volume                   = {6},

  Doi                      = {10.1038/nmat2009},
  Publisher                = {Nature Publishing Group}
}

@Article{xia2000flp,
  Title                    = {{Fragilities of liquids predicted from the random first order transition theory of glasses}},
  Author                   = {Xia, X and Wolynes, Peter G.},
  Journal                  = {Proc. Nat. Acad. Sci. USA},
  Year                     = {2000},
  Number                   = {7},
  Pages                    = {2990},
  Volume                   = {97},

  Keywords                 = {glass transition,random first order},
  Publisher                = {National Acad Sciences}
}

@Article{yamamoto1998,
  Title                    = {Dynamics of highly supercooled liquids: Heterogeneity, rheology, and diffusion},
  Author                   = {Yamamoto, R. and Onuki, A.},
  Journal                  = {Phys. Rev. E},
  Year                     = {1998},
  Number                   = {3},
  Pages                    = {3515-3529},
  Volume                   = {58},

  Doi                      = {10.1103/PhysRevE.58.3515},
  Publisher                = {APS}
}

@Article{Zaccarelli2009,
  Title                    = {{Crystallization of hard-sphere glasses}},
  Author                   = {Zaccarelli, Emanuela and Valeriani, Chantal and Sanz, Eduardo and Poon, Wilson C. K. and Cates, Mike E and Pusey, Peter N},
  Journal                  = {Phys. Rev. Lett.},
  Year                     = {2009},
  Month                    = sep,
  Number                   = {13},
  Pages                    = {135704},
  Volume                   = {103},

  Doi                      = {10.1103/PhysRevLett.103.135704},
  ISSN                     = {0031-9007},
  Url                      = {http://link.aps.org/doi/10.1103/PhysRevLett.103.135704}
}

